/home/anu/MPSP/LaTeX-utils/bibs/mpsp.bib